<record><leader>00000cas a2200000 a 4500</leader><controlfield tag="001">23039670</controlfield><controlfield tag="008">910131d1838184uiluwr ne      0   b0eng c</controlfield><datafield ind1=" " ind2=" " tag="010"><subfield code="a">sn 90054338 </subfield></datafield><datafield ind1=" " ind2=" " tag="040"><subfield code="a">NVF</subfield><subfield code="b">eng</subfield><subfield code="c">NVF</subfield><subfield code="d">OCL</subfield><subfield code="d">NVF</subfield><subfield code="d">OCLCQ</subfield><subfield code="d">NVF</subfield><subfield code="d">OCLCF</subfield><subfield code="d">OCLCO</subfield></datafield><datafield ind1="1" ind2=" " tag="029"><subfield code="a">AU@</subfield><subfield code="b">000020225077</subfield></datafield><datafield ind1=" " ind2=" " tag="042"><subfield code="a">pcc</subfield></datafield><datafield ind1=" " ind2=" " tag="043"><subfield code="a">n-us-il</subfield></datafield><datafield ind1="0" ind2="4" tag="245"><subfield code="a">The Backwoodsman and Jersey and Greene Counties' advertiser.</subfield></datafield><datafield ind1="1" ind2="3" tag="246"><subfield code="a">Backwoodsman and advertiser</subfield></datafield><datafield ind1=" " ind2=" " tag="260"><subfield code="a">Jerseyville, Jersey County, Ill. :</subfield><subfield code="b">Alfred S. Tilden</subfield></datafield><datafield ind1=" " ind2=" " tag="300"><subfield code="a">v.</subfield></datafield><datafield ind1=" " ind2=" " tag="310"><subfield code="a">Weekly</subfield></datafield><datafield ind1="1" ind2=" " tag="362"><subfield code="a">Began in 1838?</subfield></datafield><datafield ind1=" " ind2=" " tag="588"><subfield code="a">Description based on: Vol. 3, no. 14 (Feb. 29, 1840).</subfield></datafield><datafield ind1=" " ind2=" " tag="588"><subfield code="a">Latest issue consulted: Vol. 3, no. 14 (Feb. 29, 1840).</subfield></datafield><datafield ind1=" " ind2="0" tag="651"><subfield code="a">Jerseyville (Ill.)</subfield><subfield code="v">Newspapers.</subfield></datafield><datafield ind1=" " ind2="0" tag="651"><subfield code="a">Jersey County (Ill.)</subfield><subfield code="v">Newspapers.</subfield></datafield><datafield ind1=" " ind2="0" tag="651"><subfield code="a">Greene County (Ill.)</subfield><subfield code="v">Newspapers.</subfield></datafield><datafield ind1=" " ind2="7" tag="655"><subfield code="a">Newspapers.</subfield><subfield code="2">fast</subfield><subfield code="0">(OCoLC)fst01423814</subfield></datafield><datafield ind1=" " ind2="7" tag="651"><subfield code="a">Illinois</subfield><subfield code="z">Greene County.</subfield><subfield code="2">fast</subfield><subfield code="0">(OCoLC)fst01213237</subfield></datafield><datafield ind1=" " ind2="7" tag="651"><subfield code="a">Illinois</subfield><subfield code="z">Jersey County.</subfield><subfield code="2">fast</subfield><subfield code="0">(OCoLC)fst01214995</subfield></datafield><datafield ind1=" " ind2="7" tag="651"><subfield code="a">Illinois</subfield><subfield code="z">Jerseyville.</subfield><subfield code="2">fast</subfield><subfield code="0">(OCoLC)fst01219154</subfield></datafield><datafield ind1=" " ind2=" " tag="752"><subfield code="a">United States</subfield><subfield code="b">Illinois</subfield><subfield code="c">Jersey</subfield><subfield code="d">Jerseyville.</subfield></datafield><datafield ind1="0" ind2="0" tag="780"><subfield code="t">Backwoodsman (Grafton, Ill.)</subfield><subfield code="w">(DLC)sn 82015345</subfield><subfield code="w">(OCoLC)8811085</subfield></datafield><datafield ind1="0" ind2="0" tag="785"><subfield code="t">Backwoodsman (Carrollton, Ill.)</subfield><subfield code="w">(DLC)sn 87082764</subfield><subfield code="w">(OCoLC)15869850</subfield></datafield></record>